<record><leader>00000cas a22000007a 4500</leader><controlfield tag="001">14124736</controlfield><controlfield tag="008">860822d18731955pauwr ne      0   a0eng d</controlfield><datafield ind1=" " ind2=" " tag="010"><subfield code="a">sn 86053634 </subfield></datafield><datafield ind1=" " ind2=" " tag="040"><subfield code="a">NPX</subfield><subfield code="b">eng</subfield><subfield code="c">NPX</subfield><subfield code="d">NPH</subfield><subfield code="d">OCLCQ</subfield><subfield code="d">DLC</subfield></datafield><datafield ind1="0" ind2=" " tag="022"><subfield code="a">2327-6606</subfield><subfield code="2">1</subfield></datafield><datafield ind1=" " ind2=" " tag="042"><subfield code="a">msc</subfield><subfield code="a">nsdp</subfield></datafield><datafield ind1=" " ind2=" " tag="043"><subfield code="a">n-us-pa</subfield></datafield><datafield ind1="0" ind2="0" tag="050"><subfield code="a">Newspaper</subfield></datafield><datafield ind1="0" ind2="0" tag="082"><subfield code="a">071</subfield><subfield code="2">23</subfield></datafield><datafield ind1=" " ind2="0" tag="222"><subfield code="a">Juniata sentinel and Republican</subfield><subfield code="b">(Print)</subfield></datafield><datafield ind1="0" ind2="0" tag="245"><subfield code="a">Juniata sentinel and Republican.</subfield></datafield><datafield ind1="1" ind2="3" tag="246"><subfield code="a">Sentinel &amp; Republican</subfield></datafield><datafield ind1="1" ind2="3" tag="246"><subfield code="a">Sentinel and Republican</subfield></datafield><datafield ind1=" " ind2=" " tag="260"><subfield code="a">Mifflintown, Juniata County, Pa. :</subfield><subfield code="b">B.F. Schweier,</subfield><subfield code="c">1873-</subfield></datafield><datafield ind1=" " ind2=" " tag="300"><subfield code="a">v. :</subfield><subfield code="b">ill. ;</subfield><subfield code="c">65 cm.</subfield></datafield><datafield ind1=" " ind2=" " tag="310"><subfield code="a">Weekly</subfield></datafield><datafield ind1="0" ind2=" " tag="362"><subfield code="a">Vol. 27, no. 43 (Oct. 22, 1873)-</subfield></datafield><datafield ind1="1" ind2=" " tag="362"><subfield code="a">Ceased in 1955?</subfield></datafield><datafield ind1=" " ind2=" " tag="500"><subfield code="a">"Republican," &lt;1876&gt;.</subfield></datafield><datafield ind1=" " ind2=" " tag="500"><subfield code="a">Editor: B.F. Schweier, &lt;1876&gt;.</subfield></datafield><datafield ind1=" " ind2=" " tag="530"><subfield code="a">Archived issues are available in digital format as part of the Library of Congress Chronicling America online collection.</subfield></datafield><datafield ind1=" " ind2=" " tag="580"><subfield code="a">Continued by: Juniata sentinel (Mifflintown, Pa. : 1966). Cf. NIM.</subfield></datafield><datafield ind1=" " ind2=" " tag="752"><subfield code="a">United States</subfield><subfield code="b">Pennsylvania</subfield><subfield code="c">Juniata</subfield><subfield code="d">Mifflintown.</subfield></datafield><datafield ind1="1" ind2=" " tag="776"><subfield code="t">Juniata sentinel and Republican (Online)</subfield><subfield code="x">2327-6614</subfield><subfield code="w">(DLC)  2013218669</subfield><subfield code="w">(OCoLC)832709399</subfield></datafield><datafield ind1="0" ind2="4" tag="780"><subfield code="t">Juniata republican</subfield><subfield code="w">(DLC)sn 86081850</subfield><subfield code="w">(OCoLC)14389313</subfield></datafield><datafield ind1="0" ind2="4" tag="780"><subfield code="t">Juniata sentinel (Mifflintown, Pa. : 1846)</subfield><subfield code="x">2333-1518</subfield><subfield code="w">(DLC)sn 84026118</subfield><subfield code="w">(OCoLC)10383018</subfield></datafield><datafield ind1="1" ind2="0" tag="785"><subfield code="t">Juniata sentinel (Mifflintown, Pa. : 1955)</subfield><subfield code="w">(DLC)sn 86081851</subfield><subfield code="w">(OCoLC)14388977</subfield></datafield><datafield ind1="4" ind2="1" tag="856"><subfield code="u">http://www.loc.gov/chroniclingamerica/lccn/sn86053634/issues</subfield></datafield><datafield ind1="1" ind2=" " tag="029"><subfield code="a">AU@</subfield><subfield code="b">000025792990</subfield></datafield></record>